<record><leader>00000cas a22000007a 4500</leader><controlfield tag="001">53216377</controlfield><controlfield tag="008">031016c19989999vaubr ne      0    0eng d</controlfield><datafield ind1=" " ind2=" " tag="010"><subfield code="a">sn2003061526</subfield></datafield><datafield ind1=" " ind2=" " tag="040"><subfield code="a">NVK</subfield><subfield code="b">eng</subfield><subfield code="c">NVK</subfield><subfield code="d">OCLCQ</subfield><subfield code="d">OCLCF</subfield><subfield code="d">OCLCO</subfield></datafield><datafield ind1="1" ind2=" " tag="029"><subfield code="a">AU@</subfield><subfield code="b">000025047974</subfield></datafield><datafield ind1=" " ind2=" " tag="042"><subfield code="a">msc</subfield></datafield><datafield ind1=" " ind2=" " tag="043"><subfield code="a">n-us-va</subfield></datafield><datafield ind1="0" ind2=" " tag="130"><subfield code="a">Student advocate (Staunton, Va.)</subfield></datafield><datafield ind1="1" ind2="4" tag="245"><subfield code="a">The Student advocate.</subfield></datafield><datafield ind1=" " ind2=" " tag="260"><subfield code="a">Staunton, Va. :</subfield><subfield code="b">Staunton City Schools</subfield></datafield><datafield ind1=" " ind2=" " tag="300"><subfield code="a">v.</subfield></datafield><datafield ind1=" " ind2=" " tag="310"><subfield code="a">Bimonthly</subfield></datafield><datafield ind1="1" ind2=" " tag="362"><subfield code="a">Began in 1998.</subfield></datafield><datafield ind1=" " ind2=" " tag="500"><subfield code="a">"Staunton City Schools Newspaper."</subfield></datafield><datafield ind1=" " ind2=" " tag="588"><subfield code="a">Description based on: Vol. 5, no. 2 (Mar. 2003).</subfield></datafield><datafield ind1=" " ind2="0" tag="651"><subfield code="a">Staunton (Va.)</subfield><subfield code="v">Newspapers.</subfield></datafield><datafield ind1=" " ind2="7" tag="655"><subfield code="a">Newspapers.</subfield><subfield code="2">fast</subfield><subfield code="0">(OCoLC)fst01423814</subfield></datafield><datafield ind1=" " ind2="7" tag="651"><subfield code="a">Virginia</subfield><subfield code="z">Staunton.</subfield><subfield code="2">fast</subfield><subfield code="0">(OCoLC)fst01204696</subfield></datafield><datafield ind1=" " ind2=" " tag="752"><subfield code="a">United States</subfield><subfield code="b">Virginia</subfield><subfield code="d">Staunton.</subfield></datafield></record>